<record><leader>00000cas a22000007a 4500</leader><controlfield tag="001">12786445</controlfield><controlfield tag="008">851112d19751979wiuwr ne      0    0eng d</controlfield><datafield ind1=" " ind2=" " tag="010"><subfield code="a">sn 85041374 </subfield></datafield><datafield ind1=" " ind2=" " tag="040"><subfield code="a">NPV</subfield><subfield code="b">eng</subfield><subfield code="c">NPV</subfield><subfield code="d">OCLCQ</subfield></datafield><datafield ind1=" " ind2=" " tag="042"><subfield code="a">msc</subfield></datafield><datafield ind1=" " ind2=" " tag="045"><subfield code="a">x7x7</subfield></datafield><datafield ind1=" " ind2=" " tag="052"><subfield code="a">4123</subfield><subfield code="b">S6</subfield></datafield><datafield ind1="0" ind2="4" tag="245"><subfield code="a">The Sounder of Random Lake.</subfield></datafield><datafield ind1="1" ind2="3" tag="246"><subfield code="a">Sounder</subfield></datafield><datafield ind1=" " ind2=" " tag="260"><subfield code="a">Random Lake, Wis. :</subfield><subfield code="b">G. Feider,</subfield><subfield code="c">1975-1979.</subfield></datafield><datafield ind1=" " ind2=" " tag="300"><subfield code="a">5 v. :</subfield><subfield code="b">ill.</subfield></datafield><datafield ind1=" " ind2=" " tag="310"><subfield code="a">Weekly</subfield></datafield><datafield ind1="0" ind2=" " tag="362"><subfield code="a">Vol. 58, no. 7 (June 5, 1975)-v. 62, no. 7 (May 31, 1979).</subfield></datafield><datafield ind1=" " ind2=" " tag="500"><subfield code="a">Publisher varies.</subfield></datafield><datafield ind1=" " ind2=" " tag="500"><subfield code="a">Editor: G. Feider.</subfield></datafield><datafield ind1=" " ind2=" " tag="530"><subfield code="a">Available on microfilm from The State Historical Society of Wisconsin.</subfield></datafield><datafield ind1=" " ind2=" " tag="752"><subfield code="a">United States</subfield><subfield code="b">Wisconsin</subfield><subfield code="c">Sheboygan</subfield><subfield code="d">Random Lake.</subfield></datafield><datafield ind1="0" ind2="0" tag="780"><subfield code="t">Times (Random Lake, Wis.)</subfield><subfield code="w">(DLC)sn 85041373</subfield></datafield><datafield ind1="0" ind2="0" tag="785"><subfield code="t">Sounder (Random Lake, Wis.)</subfield><subfield code="w">(DLC)sn 85000936</subfield></datafield><datafield ind1="1" ind2=" " tag="029"><subfield code="a">AU@</subfield><subfield code="b">000025813576</subfield></datafield></record>